@book{libro_pro,
	Author = {Manuela J{\"u}rgens},
	Publisher = {FernUniversit{\"a}t Gesamthochschule in Hagen},
	Title = {LaTeX: eine Einf{\"u}hrung und ein bisschen mehr},
	Year = {2000}}
